6559 7392
963 1253 1005 1308 12
1298 1224 1396 1319 obe
1419 1224 1558 1314 little
1582 1224 1680 1313 'Reb
1704 1222 1833 1314 8001!
1858 1222 1909 1311 01
1938 1220 2128 1314 Boetol.

956 1439 1049 1509 Item
1063 1461 1128 1528 pro
1142 1439 1268 1527 papiro
1290 1449 1326 1507 et
1347 1458 1427 1525 par·

1000 1596 1148 1645 cameno
1222 1626 1231 1642 .
1321 1626 1329 1643 .
1418 1624 1428 1642 .
1481 1575 1544 1661 vis.
1559 1573 1657 1662 viijd.

958 1712 1060 1781 ¹Item
1075 1732 1140 1799 pro
1151 1713 1235 1779 vino
1246 1711 1429 1778 annuatim
1496 1711 1548 1795 ijs.
1559 1708 1657 1796 viijd.

1226 1846 1374 1916 Summa
1388 1844 1468 1932 iijti.
1483 1847 1546 1931 vjs.
1561 1844 1659 1932 viijd.

959 1983 1051 2051 Item
1097 1983 1290 2051 Attornato
1335 1983 1430 2061 ville,

1002 2144 1067 2212 pro
1080 2122 1252 2210 pensione
1267 2140 1332 2187 sua
1420 2166 1429 2184 .
1578 2116 1659 2205 iijli.

959 2261 1050 2331 Item
1064 2280 1129 2348 pro
1143 2258 1290 2325 ffurrara
1311 2276 1378 2323 sua
1422 2304 1430 2321 .
1483 2255 1547 2341 vjs.
1561 2253 1659 2340 viijd.

1219 2530 1369 2599 Summa
1390 2528 1469 2615 iiilt.
1484 2530 1548 2615 vis.
1563 2526 1659 2616 viijd.

960 2668 1063 2737 ¹Item
1104 2668 1281 2736 Portatori
1325 2666 1434 2733 Ensis

1003 2805 1256 2889 annuatimpro
1264 2804 1435 2889 pensione

1003 2962 1070 3010 sua
1127 2992 1137 3009 .
1227 2989 1235 3006 .
1326 2988 1334 3005 .
1424 2989 1433 3005 .
1582 2936 1662 3024 iijti.

961 3090 998 3147 et
1025 3099 1090 3165 pro
1128 3079 1258 3144 librata
1294 3096 1360 3144 sun
1395 3078 1435 3141 xl

1005 3216 1112 3302 Raijs
1126 3234 1206 3281 cum
1220 3234 1340 3299 panno
1355 3233 1440 3280 con·

1007 3354 1175 3421 cordante
1201 3360 1238 3418 et
1267 3370 1332 3438 pro
1353 3350 1437 3417 ffur-

1008 3508 1171 3557 rurnsua
1228 3535 1237 3554 .
1327 3533 1337 3552 .
1426 3534 1435 3552 .
1490 3484 1664 3572 vinviijd.

1764 1436 1856 1505 Also
1905 1434 1960 1502 Ior
2007 1456 2120 1523 paper
2166 1438 2239 1504 and

1809 1570 2018 1657 parchment
2130 1616 2139 1634 .
2227 1619 2237 1637 .
2339 1574 2387 1640 os.
2410 1570 2465 1639 od.

1765 1708 1857 1777 Also
1879 1706 1934 1774 for
1953 1707 2046 1775 wine
2066 1708 2237 1796 annually
2340 1727 2387 1775 as.
2410 1708 2466 1777 od.

2135 1844 2240 1911 'Iotal
2261 1841 2313 1930 ³6³
2338 1848 2387 1913 os.
2410 1845 2466 1915 ed.

1767 1978 1858 2046 Also
1872 1988 1910 2046 to
1924 1978 1986 2047 the
2004 1979 2181 2067 Attorney
2202 1978 2245 2046 of

1811 2120 1873 2187 the
1893 2129 1989 2187 town
2009 2118 2065 2186 for
2084 2120 2141 2187 his
2154 2139 2241 2207 pen·

1811 2255 1891 2323 sion
1935 2305 1944 2322 .
2033 2303 2042 2321 .
2131 2304 2141 2322 .
2229 2303 2238 2324 .
2284 2254 2336 2341 ὼ
2380 2277 2404 2324 o
2445 2277 2468 2324 o

1766 2389 1856 2459 Also
1870 2390 1925 2457 for
1938 2389 2065 2459 hIsfur
2131 2438 2141 2459 .
2230 2438 2240 2457 .
2342 2395 2390 2461 ω.
2412 2391 2466 2460 nd.

2134 2524 2241 2595 Tota!
2284 2525 2336 2614 ³63
2381 2532 2402 2596 6
2447 2532 2467 2596 8

1768 2662 1907 2730 Alsoto
1917 2662 1979 2729 the
1989 2663 2104 2731 sword
2117 2664 2243 2731 bearet

1812 2800 1983 2886 annually
2002 2798 2057 2866 for
2075 2799 2133 2867 his
2152 2818 2239 2886 pen·

1814 2934 1892 3001 sion
1936 2983 1944 3000 .
2034 2982 2042 3000 .
2131 2982 2141 2999 .
2230 2981 2239 2999 .
2284 2932 2336 3019 ὼ
2381 2956 2404 3003 o
2446 2956 2468 3002 o

1770 3070 1857 3137 And
1884 3068 1939 3135 for
1965 3069 2023 3135 his
2051 3068 2164 3157 livery
2198 3089 2242 3153 40

1813 3206 1917 3293 Rays
1944 3206 2031 3272 with
2059 3206 2156 3273 eloth
2180 3224 2240 3273 ac·

1813 3342 1961 3429 ootding
1972 3341 2241 3409 andforhisfur
2342 3346 2390 3412 ω.
2414 3343 2468 3412 nd.

816 3787 824 3803 ·
868 3784 875 3801 ·
966 3745 1242 3825 EXPENCE
1257 3743 1447 3820 FACTE
1461 3743 1535 3818 IN
1544 3739 1857 3819 SCACCARIO
1871 3738 2273 3819 DOMINIREGIS
2283 3741 2470 3821 SUPER
2520 3728 2673 3846 {Q}

972 3892 1295 3977 COMPOTUM
1312 3895 1398 3972 DE
1404 3891 1856 3970 TERMINACIONIS
1879 3891 2153 3972 ALICUIUS
2185 3893 2469 3974 VICECOMI·
2495 3870 2683 3984 nxffl'm

1020 4049 1106 4125 TIS
1141 4046 1468 4125 COMITATUS
1497 4042 1778 4121 BRISTOLL
1818 4042 2258 4134 COMPUTANTUR,
2294 4044 2418 4122 ETC.

967 4198 1011 4267 In
1025 4197 1150 4285 primis
1164 4217 1229 4284 pro
1243 4197 1332 4263 billa
1345 4197 1390 4263 de
1404 4203 1582 4261 ottomato
1597 4201 1633 4258 et
1648 4190 1842 4260 intracione
1855 4210 2039 4261 causarum
2049 4203 2124 4261 tam

1053 4334 1271 4403 vioeoomitis
1284 4353 1392 4420 quam
1406 4331 1609 4399 Escaetoris
1690 4379 1699 4396 .
1831 4378 1841 4397 .
1973 4378 1982 4395 .
2114 4378 2124 4397 .
2417 4333 2471 4420 ijs.

967 4471 1058 4540 Item
1072 4471 1246 4539 forinseco
1261 4469 1455 4558 apposituri
1470 4480 1506 4537 et
1521 4467 1649 4536 clerico
1663 4487 1728 4534 suo
1833 4514 1842 4532 .
1975 4515 1983 4531 .
2116 4513 2125 4532 .
2296 4466 2471 4555 xjs.viijd.

967 4607 1058 4676 Item
1074 4605 1210 4676 Clerico
1225 4607 1314 4693 Pipe
1328 4618 1365 4675 et
1379 4606 1596 4675 Secundario
1611 4606 1769 4673 eiusdem
1832 4653 1840 4671 .
1972 4580 1990 4672 .⁴
2113 4652 2123 4671 .
2419 4626 2472 4674 xs.

967 4747 1058 4816 Item
1074 4745 1356 4815 Rememoratori
1370 4745 1595 4812 Thesaurarii
1692 4790 1702 4809 .
1833 4789 1844 4808 .
1975 4789 1984 4807 .
2117 4789 2126 4807 .
2292 4743 2355 4831 vis.
2377 4744 2473 4832 viijd.

970 4885 1061 4953 Item
1076 4882 1360 4951 Rememoratori
1373 4854 1490 4969 Regis
1551 4926 2127 4950 .....

2293 4881 2357 4969 vjs.
2378 4882 2474 4971 vind,

971 5025 1062 5093 Item
1077 5021 1279 5090 Camerario

971 5158 1062 5226 Item
1077 5177 1142 5244 pro
1157 5175 1269 5242 nuper
1283 5155 1320 5222 in
1334 5154 1485 5241 receptis
1500 5152 1701 5239 Scoocnrij.
1833 5201 1842 5219 .
1975 5201 1984 5219 .
2115 5201 2125 5220 .

972 5299 1064 5368 Item
1083 5299 1155 5367 alio
1171 5296 1307 5365 Clerico
1321 5294 1359 5361 in
1374 5294 1465 5379 Pipa

973 5437 1063 5506 Item
1078 5436 1240 5524 provino
1255 5432 1714 5503 ibidemexconsuetudine
1838 5478 1847 5496 .
1980 5479 1988 5497 .
2120 5477 2130 5496 .

1575 5602 1878 5658 ²Addednlittlehter.
