6559 7392
970 1180 1021 1268 48
1311 1169 1407 1260 ube
1430 1166 1569 1257 little
1594 1166 1692 1257 Rev
1716 1170 1845 1260 Book
1871 1171 1922 1262 of
1952 1171 2136 1261 mutel.

1257 1408 1324 1482 SA
1331 1406 1706 1483 CRAMENTUM
1739 1408 2013 1489 RECORDA
2022 1411 2190 1487 TORIS.

1101 1581 2473 1677 eeooyeuvousuaireetbonesgentzqeieoserreyfoyaletloyua

970 1716 1945 1805 notreseygnurleReyEdvardetasoeheymtau
1965 1721 2471 1789 maireetleoommunaltee

969 1854 1016 1921 de
1037 1851 1197 1919 Bristuit.
1240 1850 1287 1917 Et
1305 1853 1431 1919 solonk
1449 1872 1512 1919 sen
1535 1872 1581 1938 qe
1595 1852 1704 1918 dieux
1717 1870 1775 1917 me
1790 1853 1896 1919 dom
1909 1855 2104 1941 loyalment
2118 1856 2197 1919 lour
2210 1858 2471 1944 munseylerey.

970 1990 1019 2057 Et
1039 1991 1074 2055 le
1095 1988 1262 2075 counseyl
1279 1990 1314 2055 le
1327 1989 1399 2055 dist
1412 2000 1513 2055 notre
1527 2008 1684 2076 seygnur
1698 1988 1733 2052 le
1747 1986 1831 2073 Rey
1843 2002 1880 2055 et
1890 1991 1925 2055 le
1936 1990 2105 2075 counseyl
2115 1990 2161 2054 de
2175 1990 2213 2055 la
2225 1991 2311 2057 ville
2325 1993 2472 2079 celerey.

969 2128 1018 2195 Et
1040 2127 1234 2212 loyulment
1258 2126 1312 2191 les
1339 2127 1418 2212 plez
1441 2128 1564 2212 pledez
1588 2146 1633 2192 en
1658 2125 1697 2191 la
1717 2125 1875 2212 gyhulde
1895 2128 1941 2193 de
1962 2128 2000 2192 lu
2024 2127 2117 2192 diste
2138 2127 2223 2191 ville
2243 2128 2400 2194 demunt
2420 2130 2473 2195 les

969 2262 1060 2331 dim
1081 2260 1192 2328 maire
1211 2272 1249 2329 et
1272 2261 1405 2329 buillifs
1431 2283 1454 2328 a
1475 2282 1560 2329 mon
1583 2261 1686 2348 pour
1707 2264 1924 2351 reeorderey.
1968 2264 2017 2330 Et
2037 2284 2083 2329 en
2104 2264 2203 2329 roule
2220 2264 2274 2329 les
2287 2275 2413 2351 entray
2427 2286 2472 2333 ou

969 2399 1047 2485 frey
1075 2408 1201 2465 entrer.
1260 2398 1308 2466 Et
1337 2401 1421 2465 uule
1451 2399 1551 2466 fuuse
1579 2400 1721 2485 querele
1749 2420 1796 2465 ne
1824 2401 2078 2487 meyutendxey
2106 2418 2152 2464 ne
2181 2401 2274 2487 altry
2302 2402 2407 2488 droyt
2427 2422 2474 2469 ne

969 2537 1513 2623 destourbereyamonascient.
1557 2536 2474 2621 Etlesraunchiseetlapeczdeoestevilleamon

969 2672 1071 2758 pouit
1087 2672 1270 2759 garderey,
1289 2692 1436 2759 saverey
1463 2688 1500 2741 et
1523 2676 1723 2764 defendzey.
1777 2676 1825 2741 Et
1847 2686 1944 2742 toutz
1965 2679 2018 2744 les
2039 2676 2169 2763 bryefs,
2195 2678 2472 2759 commissiones,

969 2810 1274 2875 remembraunoes
1287 2819 1324 2875 et
1338 2818 1430 2875 totes
1445 2811 1552 2877 altres
1574 2814 1700 2879 choses
1721 2813 1933 2879 tochauntes
1951 2813 1989 2878 le
2009 2813 2246 2878 communale
2267 2816 2474 2881 avauntdite

970 2965 1090 3034 umoy
1103 2947 1241 3034 lyverez
1261 2947 1457 3014 salvement
1470 2949 1653 3036 garderey.
1697 2948 1746 3015 Et
1759 2959 1852 3016 totes
1866 2951 1974 3016 altres
1989 2951 2114 3015 choses
2129 2950 2339 3015 tochsuntes
2359 2949 2474 3017 loffioe

971 3085 1016 3150 de
1030 3101 1194 3148 eommun
1207 3084 1394 3149 recordour
1406 3083 1600 3170 loyalment
1613 3084 1692 3170 frey
1710 3106 1734 3151 a
1751 3103 1835 3151 mon
1858 3086 1994 3150 ascient
2016 3105 2060 3171 sy
2079 3084 2188 3150 dieux
2208 3086 2334 3172 meyde
2355 3096 2392 3152 et
2412 3088 2476 3175 luy

972 3230 1105 3306 aeyntz.

1188 3466 1635 3545 SACRAMENTUM
1674 3470 1909 3547 CLERICI
1947 3471 2254 3551 COMMUNIS.

1101 3642 1189 3709 This
1204 3644 1288 3710 outh
1302 3663 1375 3711 was
1388 3644 1529 3731 printed
1543 3645 1592 3733 by
1607 3645 1698 3714 Min
1712 3646 1753 3713 1.
1768 3646 1809 3714 T.
1824 3646 1943 3716 Smith
1962 3648 2002 3713 in
2015 3646 2169 3713 Rs'coet's
2182 3644 2374 3728 Kalendas,
2388 3657 2473 3714 note

972 3802 1008 3869 p.
1026 3800 1077 3866 75,
1092 3779 1182 3848 from
1195 3782 1257 3848 the
1271 3780 1379 3849 Little
1393 3781 1476 3849 Red
1490 3782 1603 3850 Book.

1189 4074 1257 4151 SA
1264 4074 1549 4154 CRAMENT
1547 4076 1637 4153 UM
1676 4074 1910 4155 CLERICI
1951 4077 1989 4152 Τ
1988 4072 2255 4153 UNDERE.¹

1102 4249 1174 4317 Ceo
1195 4258 1296 4337 oystz
1318 4268 1406 4315 vous
1427 4248 1543 4316 Μαίη
1564 4260 1600 4316 et
1620 4251 1733 4317 bones
1754 4263 1861 4336 gentz
1883 4271 1928 4337 qe
1950 4251 2006 4318 ieo
2027 4271 2149 4338 surrey
2169 4249 2265 4338 foyal
2287 4259 2323 4316 et
2340 4249 2437 4336 loys!
2452 4269 2475 4314 a

971 4397 1072 4456 notre
1086 4404 1242 4474 seyg'nur
1255 4384 1290 4452 le
1304 4384 1388 4472 Roy
1402 4386 1445 4452 E.
1461 4396 1497 4452 et
1511 4406 1532 4452 a
1547 4387 1601 4454 les
1616 4387 1727 4454 maire
1741 4398 1778 4455 et
1793 4392 1829 4455 la
1844 4389 2103 4456 communultee
2123 4388 2170 4452 de
2192 4387 2236 4453 B.
2281 4386 2329 4451 Et
2350 4385 2478 4452 solonk

971 4529 1084 4595 lesen
1098 4545 1144 4611 qe
1157 4523 1265 4591 dieux
1279 4542 1336 4589 me
1350 4524 1456 4589 durra
1469 4524 1665 4610 loyelment
1679 4525 1758 4590 lour
1772 4523 2032 4611 counseylerey.
2069 4523 2117 4588 Et
2129 4524 2164 4588 le
2174 4520 2344 4606 counseyl
2358 4521 2393 4586 le
2406 4519 2479 4587 dist

971 4675 1073 4735 noue
1087 4680 1244 4751 seygnur
1257 4661 1292 4728 le
1306 4660 1389 4747 Rey
1403 4670 1439 4728 et
1453 4660 1498 4726 de
1512 4660 1549 4725 la
1562 4659 1648 4728 ville
1664 4661 1812 4750 oelerey.
1857 4661 1906 4729 Et
1926 4660 2121 4748 loyulment
2134 4660 2188 4725 les
2202 4659 2281 4743 plez
2296 4659 2419 4743 pledez
2433 4677 2479 4723 en

971 4802 1009 4869 lu
1022 4800 1196 4887 toundrye
1209 4797 1255 4865 de
1269 4798 1306 4865 lu
1319 4796 1412 4864 diste
1424 4795 1510 4864 ville
1525 4816 1570 4863 en
1589 4797 1687 4864 roule
1709 4809 1833 4885 entrey
1855 4818 1903 4865 ou
1923 4797 2000 4883 fray
2022 4806 2149 4862 entrer.
2194 4794 2242 4861 Et
2263 4796 2361 4861 nulle
2381 4795 2481 4862 fuuse

972 4937 1114 5025 querele
1126 4956 1173 5004 ne
1186 4935 1463 5024 meynteyndxey
1476 4953 1522 5000 ne
1535 4942 1640 5021 uutry
1657 4934 1760 5021 droyt
1781 4953 1827 5001 ne
1850 4934 2101 5020 destourberey
2121 4952 2167 4998 ne
2189 4932 2387 5020 deluyerey.
2431 4931 2480 4997 Et

973 5076 1010 5143 lu
1030 5072 1240 5157 fraunehise,
1262 5072 1299 5139 lu
1320 5090 1416 5159 pecz,
1431 5072 1483 5139 les
1498 5081 1676 5139 custumes
1695 5081 1732 5137 et
1757 5071 1992 5139 ordinuunees
2013 5072 2058 5136 de
2079 5078 2175 5136 ceste
2196 5067 2280 5136 ville
2302 5088 2348 5154 qe
2368 5069 2481 5135 bones

973 5222 1080 5282 sount
1108 5231 1131 5278 u
1155 5229 1263 5278 moun
1283 5210 1385 5297 poair
1405 5209 1579 5298 garderey
1600 5220 1637 5277 et
1661 5207 1885 5297 defenderey.
1938 5208 1988 5275 Et
2011 5217 2107 5274 toutz
2131 5208 2185 5273 les
2207 5204 2327 5285 briefs,
2351 5204 2480 5283 toules,

974 5349 1279 5420 remembraunces
1293 5356 1329 5413 et
1342 5355 1435 5415 tetes
1453 5348 1560 5414 altres
1580 5348 1706 5414 choses
1727 5366 1751 5414 a
1773 5347 1810 5414 lu
1834 5346 1926 5413 diste
1950 5346 2053 5430 place
2075 5345 2263 5412 tochuuntz
2287 5341 2482 5410 salvement

1203 5517 1212 5549 ²
1233 5518 1265 5583 (Ρ)
1277 5516 1332 5568 The
1343 5517 1455 5571 Couuter
1465 5533 1493 5570 or
1503 5518 1589 5570 Tolsd
1599 5519 1645 5588 (cf.
1657 5519 1770 5570 Rieurt's
1780 5517 1921 5578 Kalendas,
1932 5532 1977 5584 pp.
1990 5527 2020 5582 75
2033 5519 2112 5582 (note)
2124 5515 2175 5566 and
2186 5515 2238 5581 84).
