6559 7392
1025 1196 1075 1267 ⁶⁶
1363 1191 1460 1283 one
1484 1192 1622 1283 anre
1647 1193 1744 1284 neo
1769 1196 1897 1286 noos
1923 1197 1973 1286 or
2004 1140 2189 1287 noent

1026 1401 1141 1470 Curie
1186 1401 1260 1470 Sed
1285 1406 1317 1471 si
1340 1404 1430 1473 forte
1453 1407 1648 1475 defendens
1671 1428 1743 1475 non
1769 1411 1910 1477 dedicat
1935 1411 2142 1496 simpliciter
2169 1411 2302 1477 dictum
2328 1421 2533 1497 querentem

1026 1540 1089 1607 sed
1112 1552 1305 1628 eognoscat
1327 1545 1423 1628 quod
1448 1546 1526 1631 ipse
1550 1546 1620 1613 sibi
1644 1547 1836 1632 aliquando
1861 1548 1899 1612 in
1924 1547 1990 1612 tali
2015 1546 2135 1613 debito
2157 1548 2354 1627 tenebatur,
2380 1558 2417 1614 et
2438 1548 2534 1632 quod

1025 1675 1071 1741 de
1095 1676 1219 1743 eodem
1243 1678 1364 1745 debito
1387 1679 1457 1746 sibi
1482 1680 1554 1746 iam
1577 1682 1640 1748 diu
1663 1692 1718 1749 est
1746 1681 1850 1748 fuerit
1868 1680 2104 1758 satisfactum
2134 1690 2171 1748 et
2199 1684 2324 1748 eodem
2353 1684 2459 1749 modo
2487 1683 2534 1751 de

1025 1813 1274 1895 conuencione,
1290 1816 1498 1884 detencione
1517 1826 1555 1883 et
1576 1818 1658 1885 aliis
1683 1820 1836 1905 querelis
1858 1827 1897 1883 vt
1925 1818 1970 1884 de
1998 1818 2290 1903 transgressione,
2321 1820 2532 1903 imprisona-

1025 1957 1146 2015 mento
1174 1958 1211 2015 et
1239 1950 1320 2016 aliis
1350 1953 1491 2036 placitis
1519 1955 1566 2020 ad
1595 1955 1729 2020 curiam
1758 1953 2002 2019 mercatoriam
2035 1954 2294 2039 pertinentibus
2323 1956 2531 2023 admittatur

1024 2082 1078 2149 eis
1116 2086 1294 2169 probacio,
1335 2088 1420 2173 quia
1464 2089 1548 2156 licet
1594 2089 1693 2174 prius
1730 2088 1844 2154 fuerat
1881 2088 2044 2156 defensor
2086 2110 2180 2156 nunc
2217 2112 2281 2176 per
2327 2092 2529 2158 huiusmodi

1024 2222 1289 2307 responsionem
1323 2225 1488 2292 deueniet
1523 2236 1631 2293 actor.
1676 2226 1725 2292 Et
1754 2225 1935 2291 sciendum
1964 2226 2060 2310 quod
2087 2224 2287 2311 quicunque
2316 2229 2424 2292 cadat
2452 2227 2529 2292 siue

1025 2377 1177 2443 querens
1220 2361 1297 2428 sine
1333 2361 1496 2430 defensor
1534 2384 1674 2450 semper
1716 2363 1812 2430 cadit
1855 2363 1892 2429 in
1936 2362 2101 2447 dampnis
2141 2371 2178 2429 et
2214 2362 2382 2449 expensis
2431 2362 2529 2430 illius

1024 2517 1182 2583 proquo
1205 2499 1374 2566 indicium
1398 2501 1565 2569 redditur.

873 2871 933 2886 ..
1029 2790 1184 2897 'QUOD
1252 2806 1646 2884 MERCATORES
1712 2804 2150 2882 RESPONDEANT
2208 2804 2293 2881 DE
2358 2804 2530 2880 roms

1023 2969 1324 3050 MUTUATIS
1374 2974 1780 3051 APPRENTICIIS
1834 2974 1876 3047 E
1883 2973 1922 3047 T
1974 2971 2280 3047 SUBMERCA
2292 2972 2329 3045 T
2325 2970 2529 3047 ORIBUS

1690 3142 1821 3217 SUIS.

1153 3328 1247 3415 Quia
1279 3331 1488 3398 multociens
1516 3340 1553 3398 et
1580 3330 1812 3397 communiter
1840 3328 1991 3415 contigit
2019 3330 2114 3412 quod
2142 3328 2352 3412 apprentioii
2380 3338 2417 3394 et
2445 3328 2529 3394 sub-

1022 3476 1233 3533 mercatores
1264 3468 1325 3552 qui
1364 3470 1430 3535 sub
1464 3468 1618 3535 dominis
1656 3468 1730 3534 suis
1769 3467 1910 3550 publice
1948 3474 1984 3531 et
2024 3463 2211 3531 manifeste
2254 3465 2527 3544 mercandisant,

1020 3604 1219 3687 pecuniam,
1241 3606 1338 3671 bona
1360 3615 1396 3672 et
1421 3605 1660 3671 mercandisas
1684 3606 1729 3669 ad
1754 3623 1844 3689 opus
1869 3602 2091 3668 dominorum
2124 3620 2266 3668 suorum
2289 3602 2342 3667 eis
2374 3599 2528 3666 mutuari

1020 3750 1057 3808 et
1085 3741 1306 3808 accomodari
1334 3751 1534 3827 procurant,
1563 3740 1692 3827 quibus
1720 3738 1948 3825 apprenticiis
1977 3747 2013 3805 et
2038 3739 2301 3817 mercatoribus,
2326 3736 2458 3803 sicum
2484 3757 2523 3803 se

1019 3874 1108 3959 ipsis
1141 3885 1260 3941 essent
1288 3886 1325 3942 et
1354 3896 1426 3943 non
1454 3897 1535 3943 cum
1564 3877 1764 3943 huiusmodi
1787 3876 1940 3942 dominis
1969 3876 2038 3961 ipsi
2063 3885 2275 3953 mutuantes,
2303 3875 2403 3939 nulla
2427 3875 2523 3940 bona

1019 4012 1164 4078 omnino
1193 4013 1245 4079 eis
1273 4015 1473 4089 traderent;
1514 4013 1552 4079 in
1577 4033 1648 4098 quo
1678 4034 1762 4080 casu
1791 4026 1847 4081 est
1874 4014 2075 4080 ordinatum
2104 4012 2199 4096 quod
2228 4009 2363 4076 domini
2400 4010 2521 4075 huius·
2655 4019 2666 4052 ³

1019 4150 1116 4217 modi
1173 4150 1469 4236 apprenticiorum
1516 4160 1553 4217 et
1598 4153 1896 4218 submercatorum
1947 4151 2185 4234 respondeant
2237 4148 2361 4212 eodem
2416 4146 2522 4212 modo

1018 4285 1065 4352 de
1122 4285 1323 4351 huiusmodi
1379 4286 1483 4352 bonis
1535 4297 1572 4353 et
1622 4288 1852 4354 mercandisis
1909 4286 1962 4353 eis
1988 4323 1991 4329 ·
2019 4306 2083 4370 per
2142 4303 2268 4349 manus
2322 4283 2524 4350 huiusmodi

1019 4422 1314 4509 apprenticiomm
1357 4434 1394 4488 et
1437 4425 1736 4490 submercatorum
1773 4442 1915 4488 suorum
1954 4438 2175 4506 quocumque
2217 4419 2323 4484 modo
2359 4418 2522 4496 traditis;

1019 4580 1062 4627 ac
1119 4560 1150 4628 si
1197 4559 1340 4645 ipsimet
1395 4560 1518 4626 eadem
1573 4560 1669 4625 bona
1729 4568 1766 4625 et
1822 4557 2060 4625 mercandisas
2117 4574 2181 4640 per
2244 4574 2328 4621 suas
2394 4575 2521 4622 manus

1017 4697 1180 4783 proprias
1212 4696 1427 4782 recepissent
1456 4696 1514 4763 Ita
1552 4706 1672 4763 tamen
1702 4700 1796 4782 quod
1836 4697 1906 4782 ipsi
1940 4694 2148 4781 apprentioii
2178 4702 2220 4759 et·
2244 4695 2523 4760 submercatores

1018 4842 1277 4917 cognoscantur
1311 4834 1377 4899 sub
1412 4832 1613 4909 huiusmodi
1656 4834 1810 4900 dominis
1853 4833 1927 4899 suis
1964 4841 2001 4898 et
2039 4852 2119 4897 cum
2168 4832 2274 4898 bonis
2320 4835 2522 4899 eorumdem

1019 4967 1240 5034 dominorum
1275 4979 1359 5035 ante
1387 4979 1423 5035 et
1457 4979 1540 5056 post
1571 4970 1773 5037 huiusmodi
1810 4970 2070 5036 mutuacionem
2107 4989 2169 5035 seu
2204 4970 2433 5036 tradicionem
2465 4972 2522 5037 vel

1019 5104 1137 5171 saltim
1151 5114 1311 5191 tempore
1324 5106 1526 5173 huiusmodi
1541 5107 1753 5173 mutacionis
1768 5106 1837 5193 (sic)
1853 5115 1889 5171 et
1903 5105 2109 5172 tradicionis
2124 5104 2310 5172 manifeste
2323 5105 2524 5173 ministrare
2605 5151 2607 5155 v

1017 5253 1055 5310 et
1089 5246 1359 5327 mercandisare,
1396 5248 1554 5315 habeant
1586 5248 1700 5314 eciam
1747 5252 1958 5312 mercatores
1993 5244 2143 5310 eandem
2179 5242 2359 5309 accionem
2401 5263 2523 5309 versus

1016 5398 1253 5466 quoscumque
1283 5383 1329 5447 ad
1358 5386 1549 5468 petendum
1577 5385 1674 5450 bona
1702 5394 1739 5450 et
1766 5380 2005 5448 mercandisas
2034 5400 2118 5446 suas
2146 5380 2178 5446 si
2200 5380 2402 5449 huiusmodi
2426 5381 2524 5446 bona

1017 5524 1053 5581 et
1087 5517 1306 5583 mercandise
1335 5528 1550 5603 apprestata,
1579 5520 1721 5599 tradita,
1752 5520 1814 5583 sed
1843 5516 2074 5602 quouismodo
2108 5516 2259 5581 liberata
2293 5514 2423 5581 fiterint
2458 5537 2523 5601 per
