6559 7392
1305 1195 1403 1287 Ebc
1427 1196 1565 1289 utne
1590 1201 1688 1291 'Rei‘
1713 1202 1842 1291 Book
1868 1203 1918 1292 oi
1948 1203 2135 1296 nuent

1368 1407 1424 1499 [Τ
1417 1409 1459 1477 he
1473 1411 1564 1479 three
1577 1419 1661 1480 next
1671 1414 1794 1481 enimes
1805 1436 1865 1482 are
1877 1416 2073 1510 addr'trinrsJ.

963 1566 1020 1633 De
1034 1568 1122 1633 turri
1135 1571 1229 1634 ultra
1242 1578 1382 1654 portem
1397 1572 1441 1639 de
1457 1573 1585 1640 Frome
1600 1575 1757 1643 inferiori
1831 1627 1839 1643 .
1973 1628 1982 1644 .
2115 1631 2124 1647 .

961 1721 1019 1790 De
1033 1722 1209 1793 Edwardo
1224 1726 1378 1793 Blanket
1393 1747 1459 1814 pro
1481 1729 1569 1794 turri
1591 1730 1628 1795 in
1651 1730 1862 1797 occidentali
1877 1742 1977 1816 parte
1991 1734 2087 1802 Knie
2102 1757 2125 1802 e

1047 1858 1138 1926 festo
1163 1872 1365 1930 sanctorum
1391 1836 1550 1931 Simonis
1576 1875 1612 1930 et
1637 1864 1729 1947 Jude
1750 1886 1845 1932 enno
1866 1868 1979 1955 xxxiij
2003 1864 2125 1961 [¹³59]

1050 2016 1115 2083 per
1137 2007 1208 2064 tres
1231 2018 1345 2064 annos
1366 2009 1566 2084 sequentes,
1589 2000 1672 2066 xxd.
1721 2002 1769 2069 Et
1790 2004 1920 2070 exinde
1940 2007 1988 2072 ed
2009 2016 2122 2074 totum

1047 2134 1235 2200 terminum
1251 2134 1324 2201 vite
1338 2135 1487 2219 predicti
1502 2136 1682 2217 Edwardi,
1693 2138 1777 2218 xlm,
1793 2150 1828 2206 et
1843 2152 1924 2226 post
1939 2142 2123 2211 decessum

1045 2270 1194 2356 predicti
1208 2270 1375 2338 Edwardi
1398 2320 2120 2347 ......

818 2444 826 2463 ·
854 2445 862 2463 ·
959 2419 1016 2488 De
1030 2430 1231 2490 tenemento
1251 2444 1364 2511 nuper
1376 2425 1552 2508 Johannis
1575 2428 1773 2497 Mildecom
1788 2432 1889 2499 iuxta
1909 2434 1944 2500 le
1966 2435 2123 2523 Blynde·

957 2710 1014 2779 De
1027 2711 1188 2779 Waltero
1204 2714 1379 2800 Hoghton
1394 2735 1459 2800 pro
1475 2718 1562 2782 turri
1577 2720 1621 2783 de
1634 2717 1928 2807 Aylwardesyete
1969 2770 1978 2785 .
2111 2772 2120 2788 .

957 2865 1013 2933 De
1027 2866 1145 2933 Adam
1161 2867 1323 2934 Marchal
1339 2888 1404 2953 pro
1418 2872 1521 2935 trabe
1535 2869 1636 2935 iuxta
1650 2872 1890 2939 molendinum
1905 2875 2013 2940 castri
2109 2925 2118 2941 .

955 3017 1012 3087 De
1048 3018 1195 3107 Regem
1229 3019 1345 3086 Leche
1384 3041 1449 3106 pro
1486 3042 1600 3089 vacua
1635 3025 1761 3109 pleoea
1796 3024 1897 3091 iuxta
1932 3026 2118 3093 ecclesiam

1042 3157 1155 3223 sancti
1171 3157 1268 3223 Petri

955 3292 1011 3360 De
1032 3293 1194 3377 Johanne
1216 3293 1407 3361 Horcastel
1428 3315 1494 3382 pro
1514 3304 1716 3361 tenemento
1741 3315 1805 3362 suo
1827 3296 1865 3361 in
1886 3296 2118 3385 Wynchetret

1041 3449 1087 3495 ex
1101 3429 1266 3515 opposito
1281 3429 1493 3515 collistrigii¹
1536 3478 2113 3500 .....

951 3571 1172 3639 DeBieerde
1185 3571 1343 3639 Murem
1358 3573 1536 3658 pronubo
1550 3574 1681 3641 ibidem
1818 3623 1827 3641 .
1960 3623 1969 3641 .
2102 3624 2111 3642 .

952 3714 1009 3783 De
1030 3713 1193 3799 Johanne
1213 3715 1394 3802 Whityng
1414 3736 1479 3800 pro
1502 3716 1524 3802 ij
1549 3718 1683 3802 plateis
1704 3717 1826 3784 vacuis
1848 3717 1885 3783 in
1906 3716 2115 3803 Worshipe·

950 3998 1007 4068 De
1022 3999 1203 4068 Willelmo
1218 4000 1382 4068 Tenuere
1403 4018 1468 4086 pro
1483 4008 1686 4067 tenemento
1701 4019 1766 4065 suo
1781 4018 1886 4085 super
1904 4000 2053 4067 beccum
2068 3999 2113 4066 de

1037 4142 1164 4211 Frome
1178 4143 1271 4229 quod
1287 4142 1464 4210 inhabitet
1529 4189 2105 4208 .....

948 4284 1006 4355 De
1019 4285 1202 4354 Willelmo
1225 4286 1388 4353 Tenuere
1408 4287 1509 4352 iuxta
1523 4287 1667 4351 domum
1682 4282 1827 4351 fratrum
1849 4283 2023 4350 minorum
2047 4303 2111 4369 pro

1036 4429 1174 4495 duabus
1187 4426 1322 4514 pleceis
1337 4426 1468 4494 ibidem
1530 4472 2107 4494 .....

947 4568 1005 4639 De
1029 4568 1192 4653 Johenne
1217 4567 1414 4656 Wycombe
1442 4586 1507 4654 pro
1532 4577 1734 4635 tenemento
1759 4569 1797 4635 in
1822 4568 1998 4654 draperie⁸
2016 4569 2112 4655 quod

1036 4710 1196 4779 Eborerd
1212 4710 1391 4797 Franceys
1405 4710 1538 4796 legavit
1553 4709 1797 4776 communitati
1814 4746 1823 4774 ·.
1955 4758 1964 4776 .
2006 4673 2008 4676 Ι
2097 4756 2107 4775 .

947 4852 1006 4922 De
1019 4852 1041 4939 J
1042 4853 1183 4921 ohanne
1198 4851 1373 4923 Combare
1392 4852 1577 4937 capellano
1598 4872 1664 4939 pro
1678 4861 1880 4919 tenemento
1895 4854 1932 4918 in
1953 4853 2109 4940 Blynde·

1033 5005 1117 5085 yate

947 5138 1006 5207 De
1029 5138 1190 5207 Roberto
1215 5137 1366 5227 Prentyz
1390 5159 1455 5225 pro
1477 5138 1611 5206 fossato
1637 5138 1814 5205 communi
1843 5137 1944 5204 iuxta
1967 5146 2107 5224 portem

1033 5278 1189 5348 Leifardi
1246 5326 2107 5348 .......
2296 5279 2381 5366 iiijd.
2397 5282 2454 5349 ob.

948 5525 1138 5595 *menen
1174 5525 1902 5596 mprrtormmnseetmneemonpey.
1919 5481 2454 5596 seyaesumsosenmrssnffln.
